@book{diez,
  title={Introduction to Compact Riemann Surfaces and Dessins D'Enfants},
  author={Girondo, E. and Gonz{\'a}lez-Diez, G.},
  isbn={9780521519632},
  lccn={2011278193},
  series={Introduction to Compact Riemann Surfaces and Dessins D'enfants},
  year={2012},
  publisher={Cambridge University Press}
}
@misc{falkensteiner2020fundamental,
      title={The Fundamental Theorem of Tropical Partial Differential Algebraic Geometry}, 
      author={Sebastian Falkensteiner and Cristhian Garay-López and Mercedes Haiech and Marc Paul Noordman and Zeinab Toghani and François Boulier},
      year={2020},
      eprint={2002.03041},
      archivePrefix={arXiv},
      primaryClass={math.AG}
}

@misc{mikhalkin2006tropical,
      title={Tropical Geometry and its applications}, 
      author={Grigory Mikhalkin},
      year={2006},
      eprint={math/0601041},
      archivePrefix={arXiv},
      primaryClass={math.AG}
}

@misc{brugallé2014bit,
      title={A bit of tropical geometry}, 
      author={Erwan Brugallé and Kristin Shaw},
      year={2014},
      eprint={1311.2360},
      archivePrefix={arXiv},
      primaryClass={math.AG}
}

@article{Denef1984,
author = {Denef, J., Lipshitz, L.},
journal = {Mathematische Annalen},
keywords = {algebraic differential equations; Artin approximation theorem; decidability; undecidability; algorithm; ADE},
pages = {213-238},
title = {Power Series Solutions of Algebraic Differential Equations.},
url = {http://eudml.org/doc/163890},
volume = {267},
year = {1984},
}

@book{diez,
  title={Introduction to Compact Riemann Surfaces and Dessins D'Enfants},
  author={Girondo, E. and Gonz{\'a}lez-Diez, G.},
  isbn={9780521519632},
  lccn={2011278193},
  series={Introduction to Compact Riemann Surfaces and Dessins D'enfants},
  year={2012},
  publisher={Cambridge University Press}
}
@misc{curto1,
      title={Predicting neural network dynamics via graphical analysis}, 
      author={Katherine Morrison and Carina Curto},
      year={2018},
      eprint={1804.01487},
      archivePrefix={arXiv},
      primaryClass={q-bio.NC}
}

@misc{curto2,
      title={Stable fixed points of combinatorial threshold-linear networks}, 
      author={Carina Curto and Jesse Geneson and Katherine Morrison},
      year={2022},
      eprint={1909.02947},
      archivePrefix={arXiv},
      primaryClass={q-bio.NC}
}

@misc{Francois,
title={An Introduction to Differential Algebra},
author={François Boulier and François Lemaire},
year={2023},
url={https://www.matem.unam.mx/~lara/cimpa23/francois/An-Introduction-to-Differential-Algebra.pdf}}

@book{kolchin1973differential,
  title={Differential Algebra and Algebraic Groups},
  author={Kolchin, E.R.},
  isbn={9780124176508},
  lccn={72077346},
  series={Pure and applied mathematics},
  year={1973},
  publisher={Academic Press}
}

@book{ritt1950differential,
  title={Differential Algebra},
  author={Ritt, J.F.},
  isbn={9780821846384},
  series={Colloquium publications},
  year={1950},
  publisher={American Mathematical Society}
}
@misc{Sebastian,
title={Topics in Differential Algebra},
author={Sebastian Falkensteiner},
url={https://www.matem.unam.mx/~lara/cimpa23/notes_TDA.pdf}}

@book{casas2019algebraic,
  title={Algebraic Curves, the Brill and Noether Way},
  author={Casas-Alvero, E.},
  isbn={9783030290160},
  series={Universitext},
  year={2019},
  publisher={Springer International Publishing}
}

@article{arocailardi,
author = {Fuensanta Aroca and Giovanna Ilardi},
title = {{Newton’s lemma for differential equations}},
volume = {60},
journal = {Illinois Journal of Mathematics},
number = {3-4},
publisher = {Duke University Press},
pages = {859 -- 867},
year = {2016},
doi = {10.1215/ijm/1506067296},
URL = {https://doi.org/10.1215/ijm/1506067296}
}

@misc{grigoriev2015tropical,
      title={Tropical differential equations}, 
      author={Dima Grigoriev},
      year={2015},
      eprint={1502.08010},
      archivePrefix={arXiv},
      primaryClass={cs.SC}
}

@article{AROCA2001717,
title = {Formal Solutions of Linear PDEs and Convex Polyhedra},
journal = {Journal of Symbolic Computation},
volume = {32},
number = {6},
pages = {717-737},
year = {2001},
issn = {0747-7171},
doi = {https://doi.org/10.1006/jsco.2001.0492},
url = {https://www.sciencedirect.com/science/article/pii/S0747717101904924},
author = {F. Aroca and J. Cano},
abstract = {The Newton polygon construction for ODEs, and Malgrange–Ramis polygon for partial differential equations in one variable are generalized in order to give an algorithm to find solutions of a linear partial differential equation at a singularity. The solutions found involve exponentials, logarithms and Laurent power series with exponents contained in a strongly convex cone.}
}

@inproceedings{Aroca3,
author = {Aroca, Fuensanta and Cano, Jose and Jung, F.},
year = {2003},
month = {08},
pages = {15-22},
title = {Power Series Solutions for Non-Linear PDE's},
journal = {Proceedings of the International Symposium on Symbolic and Algebraic Computation, ISSAC},
doi = {10.1145/860854.860863}
}